<?xml version="1.0" encoding="UTF-8"?>
<record xmlns="http://www.loc.gov/MARC21/slim">
   <leader>01559cam a2200337Mi 4500</leader>
   <controlfield tag="001">1684941</controlfield>
   <controlfield tag="003">NjP</controlfield>
   <controlfield tag="005">20190705143746.0</controlfield>
   <controlfield tag="008">911218s1967    iq            000 0 ara d</controlfield>
   <datafield tag="024" ind1="7" ind2=" ">
      <subfield code="a">princeton_aco003832</subfield>
      <subfield code="2">local</subfield>
   </datafield>
   <datafield ind1=" " ind2=" " tag="040">
      <subfield code="a">HLS</subfield>
      <subfield code="c">PUL</subfield>
      <subfield code="d">PUL</subfield>
   </datafield>
   <datafield ind1=" " ind2=" " tag="035">
      <subfield code="9">CFK8065TS</subfield>
   </datafield>
   <datafield ind1=" " ind2=" " tag="035">
      <subfield code="a">(NjP)1684941</subfield>
   </datafield>
   <datafield ind1=" " ind2=" " tag="049">
      <subfield code="a">PULL</subfield>
   </datafield>
   <datafield ind1=" " ind2=" " tag="035">
      <subfield code="a">(OCoLC)ocm33923282</subfield>
   </datafield>
   <datafield ind1="1" ind2=" " tag="100">
      <subfield code="6">880-01</subfield>
      <subfield code="a">Sharaf al-Dīn, ʻAbd al-Ḥusayn.</subfield>
   </datafield>
   <datafield ind1="1" ind2="0" tag="245">
      <subfield code="6">880-02</subfield>
      <subfield code="a">Kalimah ḥawla al-ruʼyah ; wa, Falsafat al-mīthāq wa-al-wilāyah</subfield>
      <subfield code="c">bi-qalam ʻAbd al-Ḥusayn Sharaf al-Dīn.</subfield>
   </datafield>
   <datafield ind1="3" ind2=" " tag="246">
      <subfield code="6">880-03</subfield>
      <subfield code="a">Falsafat al-mīthāq wa-al-wilāyah.</subfield>
   </datafield>
   <datafield ind1=" " ind2=" " tag="260">
      <subfield code="6">880-04</subfield>
      <subfield code="a">al-Najaf al-Ashraf :</subfield>
      <subfield code="b">Dār al-Nuʻmān lil-Ṭibāʻah wa-al-Nashr,</subfield>
      <subfield code="c">1967.</subfield>
   </datafield>
   <datafield ind1=" " ind2=" " tag="300">
      <subfield code="a">92, 23 p. ;</subfield>
      <subfield code="c">24 cm.</subfield>
   </datafield>
   <datafield ind1=" " ind2="0" tag="650">
      <subfield code="a">God (Islam)</subfield>
      <subfield code="0">http://id.loc.gov/authorities/subjects/sh85055570</subfield>
   </datafield>
   <datafield ind1=" " ind2="0" tag="650">
      <subfield code="a">Imamate.</subfield>
      <subfield code="0">http://id.loc.gov/authorities/subjects/sh85064479</subfield>
   </datafield>
   <datafield ind1="1" ind2=" " tag="700">
      <subfield code="6">880-05</subfield>
      <subfield code="a">Sharaf al-Dīn, ʻAbd al-Ḥusayn.</subfield>
      <subfield code="t">Falsafat al-mīthāq,</subfield>
      <subfield code="f">1967.</subfield>
   </datafield>
   <datafield ind1="1" ind2=" " tag="880">
      <subfield code="6">100-01/r</subfield>
      <subfield code="a">شرف الدين، عبد الحسين.</subfield>
   </datafield>
   <datafield ind1="1" ind2="0" tag="880">
      <subfield code="6">245-02/r</subfield>
      <subfield code="a">كلمة حول الرؤية ؛ و، فلسفة الميثاق والولاية</subfield>
      <subfield code="c">بقلم عبد الحسين شرف الدين.</subfield>
   </datafield>
   <datafield ind1="3" ind2=" " tag="880">
      <subfield code="6">246-03/r</subfield>
      <subfield code="a">فلسفة الميثاق والولاية.</subfield>
   </datafield>
   <datafield ind1=" " ind2=" " tag="880">
      <subfield code="6">260-04/r</subfield>
      <subfield code="a">النجف الاشرف :</subfield>
      <subfield code="b">دار النعمان للطباعة والنشر،</subfield>
      <subfield code="c">1967.</subfield>
   </datafield>
   <datafield ind1="1" ind2=" " tag="880">
      <subfield code="6">700-05/r</subfield>
      <subfield code="a">شرف الدين، عبد الحسين.</subfield>
      <subfield code="t">فلسفة الميثاق،</subfield>
      <subfield code="f">1967.</subfield>
   </datafield>
   <datafield ind1=" " ind2=" " tag="947">
      <subfield code="a">CFK8065</subfield>
   </datafield>
   <datafield ind1=" " ind2=" " tag="911">
      <subfield code="a">20000130</subfield>
   </datafield>
   <datafield ind1=" " ind2=" " tag="994">
      <subfield code="a">C0</subfield>
      <subfield code="b">PUL</subfield>
   </datafield>
   <datafield ind1=" " ind2=" " tag="999">
      <subfield code="a">1684941</subfield>
   </datafield>
   <datafield ind1=" " ind2=" " tag="979">
      <subfield code="a">(OCoLC)ocn177898476</subfield>
   </datafield>
   <datafield ind1="0" ind2="0" tag="852">
      <subfield code="0">1941580</subfield>
      <subfield code="b">rcppa</subfield>
      <subfield code="t">2</subfield>
      <subfield code="h">BP166.2</subfield>
      <subfield code="i">.S537 1967</subfield>
      <subfield code="x">tr fr nec</subfield>
   </datafield>
   <datafield ind1=" " ind2=" " tag="959">
      <subfield code="a">2000-06-13 00:00:00 -0400</subfield>
   </datafield>
</record>
